@article{JBCS-Ambiguity-and-constrained-polymorphism,
       author  =  {{Carlos Camar\~ao and Rodrigo Ribeiro and Luc\'{\i}lia Figueiredo}},
       title   =  {{Ambiguity and Constrained Polymorphism}},
       journal =  {Science of Computer Programming},
       volume  =  {?},
       number  =  {?},
       pages   =  {?--?},
       year    =  {2016}
}

@phdthesis{MarkJones94a,
  author  = {{Mark Jones}},
  title   = {{Qualified Types: Theory and Practice}},
  school  = {Distinguished Dissertations in Computer Science. Cambridge Univ.~Press},
  year    = 1994,
  topics  = {Type Systems}
}

@article{TheoryOfOverloading, 
 author = {Peter Stuckey and Martin Sulzmann},
 title = {{A Theory of Overloading}},
 journal = {ACM TOPLAS},
 issue_date = {November 2005},
 volume = {27},
 number = {6},
 month = nov,
 year = {2005},
 pages = {1216--1269},
 publisher = {ACM},
 keywords = {Constraints, coherence, evidence translation, overloading, type classes, type inference},
} 

@inproceedings{Controlling-scope-instances,
   title = {{Controlling the Scope of Instances in Haskell}},
   author = {{Marco Silva and Carlos Camar\~ao}},
   booktitle = {{Proc.~of SBLP'2011}},
   year = {2011},
   pages = {29--30}
}

@Misc{GHC,
  key =      {GHC},
  title =    {{Glasgow Haskell Compiler home page}},
  howpublished = {\verb+http://www.haskell.org/ghc/+},
}
@book{ModelTheory2012,
  author = {{C.C.~Chang and H.J.~Keisler}},
  title = {{Model Theory}},
  note = {3rd ed.}, 
  publisher = {Dover Books on Mathematics},
  year = {2012}
}
@article{plotkin1970note,
	title={A note on inductive generalisation},
	author={Plotkin, Gordon D},
	journal={Machine intelligence},
	volume={5},
	number={1},
	pages={153--163},
	year={1970}
}
@article{plotkin1971further,
	title={A further note on inductive generalisation},
	author={Plotkin, Gordon D},
	journal={Machine Intelligence},
	volume={6},
	year={1971},
	publisher={Elsevier North-Holland, New York}
}


